@book{Efron2012LargeScale,
	author = {Efron, Bradley},
	publisher = {Cambridge University Press},
	shorttitle = {Large-scale inference},
	title = {Large-scale inference: empirical Bayes methods for estimation, testing, and prediction},
	url = {https://books.google.com/books?hl=en\&lr=\&id=kfE7VkqbGawC\&oi=fnd\&pg=PR5\&dq=efron+large+scale+inference\&ots=myElJ5usDq\&sig=8cZ1J7LG6WrvZp5pLhYNwN-QmkM},
	volume = 1,
	year = 2012
}

@inproceedings{James1961Estimation,
	author = {James, William and Stein, Charles},
	booktitle = {Proceedings of the fourth Berkeley symposium on mathematical statistics and probability},
	pages = {361-379},
	title = {Estimation with quadratic loss},
	url = {https://books.google.com/books?hl=en\&lr=\&id=RfdwmhDpcl8C\&oi=fnd\&pg=PA361\&dq=james+stein+1961\&ots=quJdwDm5DK\&sig=2l10akIv9CX\_mKKNQ5XHjtoP5\_0},
	volume = 1,
	year = 1961
}

@article{Ledoit2004Honey,
	author = {Ledoit, Olivier and Wolf, Michael},
	journal = {The Journal of Portfolio Management},
	number = 4,
	pages = {110-119},
	title = {Honey, I shrunk the sample covariance matrix},
	url = {http://www.iijournals.com/doi/pdfplus/10.3905/jpm.2004.110},
	volume = 30,
	year = 2004
}

@article{Bickel2008Covariance,
	author = {Bickel, Peter J. and Levina, Elizaveta},
	doi = {10.1214/08-AOS600},
	issn = {0090-5364},
	journal = {The Annals of Statistics},
	language = {en},
	number = 6,
	pages = {2577-2604},
	title = {Covariance regularization by thresholding},
	url = {http://projecteuclid.org/euclid.aos/1231165180},
	volume = 36,
	year = 2008
}

@article{Ledoit2004WellConditioned,
	author = {Ledoit, Olivier and Wolf, Michael},
	doi = {10.1016/S0047-259X(03)00096-4},
	issn = {0047259X},
	journal = {Journal of Multivariate Analysis},
	language = {en},
	number = 2,
	pages = {365-411},
	title = {A well-conditioned estimator for large-dimensional covariance matrices},
	url = {http://linkinghub.elsevier.com/retrieve/pii/S0047259X03000964},
	volume = 88,
	year = 2004
}

@article{Chen2010Shrinkage,
	author = {Chen, Yilun and Wiesel, Ami and Eldar, Yonina C. and Hero, Alfred O.},
	journal = {IEEE Transactions on Signal Processing},
	number = 10,
	pages = {5016-5029},
	title = {Shrinkage algorithms for MMSE covariance estimation},
	url = {http://ieeexplore.ieee.org/abstract/document/5484583/},
	volume = 58,
	year = 2010
}

@article{scikitlearn,
	title={Scikit-learn: Machine Learning in {P}ython},
	author={Pedregosa, F. 
		and Varoquaux, G. and Gramfort, A. and Michel, V.
		and Thirion, B. and Grisel, O. and Blondel, M. 
		and Prettenhofer, P. and Weiss, R. and Dubourg, V.
		and Vanderplas, J. and Passos, A. and Cournapeau, D. and Brucher, M. and Perrot, M. and Duchesnay, E.},
	journal={Journal of Machine Learning Research},
	volume={12},
	pages={2825--2830},
	year={2011}
}

@article{Pedregosa2011ScikitLearn,
	author = {Pedregosa, Fabian and Varoquaux, Gaël and Gramfort, Alexandre and Michel, Vincent and Thirion, Bertrand and Grisel, Olivier and Blondel, Mathieu and Prettenhofer, Peter and Weiss, Ron and Dubourg, Vincent and Vanderplas, Jake and Passos, Alexandre and Cournapeau, David and Brucher, Matthieu and Perrot, Matthieu and Duchesnay, Edouard},
	journal = {Journal of Machine Learning Research},
	pages = {2825−2830},
	title = {Scikit-learn: Machine Learning in Python},
	volume = 12,
	year = 2011
}

@article{Ledoit2012Nonlinear,
	author = {Ledoit, Olivier and Wolf, Michael},
	doi = {10.1214/12-AOS989},
	issn = {0090-5364},
	journal = {The Annals of Statistics},
	language = {en},
	number = 2,
	pages = {1024-1060},
	title = {Nonlinear shrinkage estimation of large-dimensional covariance matrices},
	url = {http://projecteuclid.org/euclid.aos/1342625460},
	volume = 40,
	year = 2012
}

@article{Ledoit2014Nonlinear,
	author = {Ledoit, Olivier and Wolf, Michael},
	shorttitle = {Nonlinear shrinkage of the covariance matrix for portfolio selection},
	title = {Nonlinear shrinkage of the covariance matrix for portfolio selection: Markowitz meets Goldilocks},
	url = {https://papers.ssrn.com/sol3/papers.cfm?abstract\_id=2383361},
	year = 2014
}

@article{Touloumis2015Nonparametric,
	author = {Touloumis, Anestis},
	doi = {10.1016/j.csda.2014.10.018},
	issn = 01679473,
	journal = {Computational Statistics \& Data Analysis},
	pages = {251-261},
	title = {Nonparametric Stein-type Shrinkage Covariance Matrix Estimators in High-Dimensional Settings},
	url = {http://arxiv.org/abs/1410.4726},
	volume = 83,
	year = 2015
}

@article{Schaefer2005Shrinkage,
	author = {Schäfer, Juliane and Strimmer, Korbinian and others},
	journal = {Statistical applications in genetics and molecular biology},
	number = 1,
	pages = 32,
	title = {A shrinkage approach to large-scale covariance matrix estimation and implications for functional genomics},
	url = {https://www.degruyter.com/dg/viewarticle.fullcontentlink:pdfeventlink/$002fj$002fsagmb.2005.4.issue-1$002fsagmb.2005.4.1.1175$002fsagmb.2005.4.1.1175.pdf?t:ac=j$002fsagmb.2005.4.issue-1$002fsagmb.2005.4.1.1175$002fsagmb.2005.4.1.1175.xml},
	volume = 4,
	year = 2005
}

@article{Bun2017Cleaning,
	author = {Bun, Joël and Bouchaud, Jean-Philippe and Potters, Marc},
	journal = {Physics Reports},
	pages = {1-109},
	shorttitle = {Cleaning large correlation matrices},
	title = {Cleaning large correlation matrices: tools from random matrix theory},
	url = {http://www.sciencedirect.com/science/article/pii/S0370157316303337},
	volume = 666,
	year = 2017
}

@article{Ledoit2011Eigenvectors,
	author = {Ledoit, Olivier and Péché, Sandrine},
	journal = {Probability Theory and Related Fields},
	number = 1,
	pages = {233-264},
	title = {Eigenvectors of some large sample covariance matrix ensembles},
	url = {http://www.springerlink.com/index/N5G726G2876J2323.pdf},
	volume = 151,
	year = 2011
}

@article{Ledoit2015Spectrum,
	author = {Ledoit, Olivier and Wolf, Michael},
	journal = {Journal of Multivariate Analysis},
	pages = {360-384},
	shorttitle = {Spectrum estimation},
	title = {Spectrum estimation: A unified framework for covariance matrix estimation and PCA in large dimensions},
	url = {http://www.sciencedirect.com/science/article/pii/S0047259X15000949},
	volume = 139,
	year = 2015
}

@article{Bartz2016CrossValidation,
	author = {Bartz, Daniel},
	journal = {arXiv preprint arXiv:1611.00798},
	title = {Cross-validation based Nonlinear Shrinkage},
	url = {https://arxiv.org/abs/1611.00798},
	year = 2016
}

@article{Mestre2008Improved,
	author = {Mestre, Xavier},
	doi = {10.1109/TIT.2008.929938},
	issn = {0018-9448},
	journal = {IEEE Transactions on Information Theory},
	number = 11,
	pages = {5113-5129},
	title = {Improved Estimation of Eigenvalues and Eigenvectors of Covariance Matrices Using Their Sample Estimates},
	url = {http://ieeexplore.ieee.org/document/4655460/},
	volume = 54,
	year = 2008
}

@article{Ledoit2017Nonlinear,
	author = {Ledoit, Olivier and Wolf, Michael},
	shorttitle = {Nonlinear shrinkage of the covariance matrix for portfolio selection},
	title = {Nonlinear shrinkage of the covariance matrix for portfolio selection: Markowitz meets Goldilocks},
	url = {https://papers.ssrn.com/sol3/papers.cfm?abstract\_id=2383361},
	year = 2017
}

@article{Bartz2016CrossValidation,
	author = {Bartz, Daniel},
	journal = {arXiv preprint arXiv:1611.00798},
	title = {Cross-validation based Nonlinear Shrinkage},
	url = {https://arxiv.org/abs/1611.00798},
	year = 2016
}
